@article{KiyotakiWright1993,
    title = {{A Search-Theoretic Approach to Monetary Economics}},
    year = {1993},
    journal = {American Economic Review},
    author = {Kiyotaki, Nobuhiro and Wright, Randall},
    number = {1},
    month = {3},
    pages = {63--77},
    volume = {83},
    url = {https://ideas.repec.org/a/aea/aecrev/v83y1993i1p63-77.html}
}

@article{CurtisSoller2000,
    title = {{A search-theoretic model of legal and illegal currency}},
    year = {2000},
    journal = {Journal of Monetary Economics},
    author = {Soller Curtis, Elisabeth and Waller, Christopher J},
    number = {1},
    month = {2},
    pages = {155--184},
    volume = {45},
    url = {https://ideas.repec.org/a/eee/moneco/v45y2000i1p155-184.html}
}

@article{LagosWright2005,
    title = {{A Unified Framework for Monetary Theory and Policy Analysis}},
    year = {2005},
    journal = {Journal of Political Economy},
    author = {Lagos, Ricardo and Wright, Randall},
    number = {3},
    month = {6},
    pages = {463--484},
    volume = {113},
    url = {https://ideas.repec.org/a/ucp/jpolec/v113y2005i3p463-484.html}
}

@article{JiangZhang2018,
    title = {{Competing currencies in the laboratory}},
    year = {2018},
    journal = {Journal of Economic Behavior {\&} Organization},
    author = {Jiang, Janet Hua and Zhang, Cathy},
    number = {C},
    pages = {253--280},
    volume = {154},
    url = {https://ideas.repec.org/a/eee/jeborg/v154y2018icp253-280.html},
    doi = {10.1016/j.jebo.2018.08.00}
}

@book{Armas2016,
    title = {{Dolarizaci{\'{o}}n y desdolarizaci{\'{o}}n en el Per{\'{u}}}},
    year = {2016},
    booktitle = {Pol{\'{i}}tica y estabilidad monetaria en el Per{\'{u}}},
    author = {Armas, Adri√°n},
    editor = {Yamada, Gustavo and Winkelried, Diego},
    publisher = {Universidad del Pac{\'{i}}fico},
    address = {Lima, Per{\'{u}}}
}

@article{CraigWalller2000,
    title = {{Dual-currency economies as multiple-payment systems}},
    year = {2000},
    journal = {Economic Review},
    author = {Craig, Ben R and Waller, Christopher J},
    number = {Q I},
    pages = {2--13},
    url = {https://ideas.repec.org/a/fip/fedcer/y2000iqip2-13.html}
}

@techreport{YeyatiIze2005,
    title = {{Financial De-Dollarization; Is it for Real?}},
    year = {2005},
    author = {Yeyati, Eduardo Levy and Ize, Alain},
    number = {05/187},
    month = {9},
    url = {https://ideas.repec.org/p/imf/imfwpa/05-187.html},
    institution = {International Monetary Fund},
    keywords = {Dollarization, Monetary policy, Prudential policy, exchange rate, exchange rate regimes, real exchan}
}

@article{DuffyOchs2002,
    title = {{Intrinsically Worthless Objects as Media of Exchange: Experimental Evidence}},
    year = {2002},
    journal = {International Economic Review},
    author = {Duffy, John and Ochs, Jack},
    number = {3},
    pages = {637--674},
    volume = {43},
    url = {https://econpapers.repec.org/RePEc:ier:iecrev:v:43:y:2002:i:3:p:637-674}
}

@techreport{DingPuzzello2019,
    title = {{Legal Restrictions and International Currencies: An Experimental Approach}},
    year = {2019},
    author = {Ding, Shuze and Puzzello, Daniela}
}

@article{Rietz2017,
    title = {{Secondary Currency Acceptance: Experimental Evidence with a Dual Currency Search Model}},
    year = {2017},
    journal = {mimeo},
    author = {Rietz, Justin},
    month = {6},
    url = {https://ssrn.com/abstract=2983562},
    keywords = {Rietz2017}
}

@article{ColacelliBlackburn2009,
    title = {{Secondary currency: An empirical analysis}},
    year = {2009},
    journal = {Journal of Monetary Economics},
    author = {Colacelli, Mariana and Blackburn, David J H},
    number = {3},
    month = {4},
    pages = {295--308},
    volume = {56},
    url = {https://ideas.repec.org/a/eee/moneco/v56y2009i3p295-308.html},
    keywords = {Secondary currency Monetary theory Exchange clubs}
}

@techreport{DuffyPuzzello2019,
    title = {{The Friedman Rule in the Laboratory}},
    year = {2019},
    author = {Duffy, John and Puzzello, Daniela}
}

@article{Matsuyama_K_M_1993,
    title = {{Toward a Theory of International Currency}},
    year = {1993},
    journal = {Review of Economic Studies},
    author = {Matsuyama, Kiminori and Kiyotaki, Nobuhiro and Matsui, Akihiko},
    number = {2},
    pages = {283--307},
    volume = {60},
    url = {https://econpapers.repec.org/RePEc:oup:restud:v:60:y:1993:i:2:p:283-307.}
}

@article{SollerCurtis2000ACurrency,
    title = {{A search-theoretic model of legal and illegal currency}},
    year = {2000},
    journal = {Journal of Monetary Economics},
    author = {Soller Curtis, Elisabeth and Waller, Christopher J.},
    number = {1},
    pages = {155--184},
    volume = {45},
    doi = {10.1016/S0304-3932(99)00042-2},
    issn = {03043932},
    keywords = {Currency restrictions, E40, E42, Money, Search}
}

@article{Lagos2011ALagos,
    title = {{A Unified Framework for Monetary Theory and Policy Analysis A Unified Framework for Monetary Theory and Policy Analysis Ricardo Lagos}},
    year = {2011},
    journal = {Working Paper},
    author = {Lagos, Ricardo and Wright, Randall},
    number = {3},
    pages = {463--484},
    volume = {113}
}

@article{Kiyotaki2016AmericanAssoc,
    title = {{American Economic Association A Search-Theoretic Approach to Monetary Economics Author ( s ): Nobuhiro Kiyotaki and Randall Wright Source : The American Economic Review , Vol . 83 , No . 1 ( Mar ., 1993 ), pp . 63-77 Published by : American Economic Assoc}},
    year = {2016},
    author = {Kiyotaki, By Nobuhiro and Wright, Randall},
    number = {1},
    pages = {63--77},
    volume = {83}
}

@article{Mees2015AreIllusion,
    title = {{Are individuals in China prone to money illusion?}},
    year = {2015},
    journal = {Journal of Behavioral and Experimental Economics },
    author = {Mees, Heleen and Franses, Philip Hans},
    month = {7},
    pages = {38--46},
    volume = {51},
    publisher = {Elsevier Inc.},
    doi = {10.1016/j.socec.2014.03.003},
    issn = {22148051},
    keywords = {Behavioral economics, China, Money illusion}
}

@article{Jiang2018CompetingLaboratory,
    title = {{Competing currencies in the laboratory}},
    year = {2018},
    journal = {Journal of Economic Behavior and Organization},
    author = {Jiang, Janet Hua and Zhang, Cathy},
    pages = {253--280},
    volume = {154},
    doi = {10.1016/j.jebo.2018.08.004},
    issn = {01672681},
    keywords = {Central bank research, Digital currencies}
}

@article{Petersen2015DoPolicy,
    title = {{Do expectations and decisions respond to monetary policy?}},
    year = {2015},
    journal = {Journal of Economic Studies},
    author = {Petersen, Luba},
    number = {6},
    month = {11},
    pages = {972--1004},
    volume = {42},
    publisher = {Emerald Group Publishing Ltd.},
    doi = {10.1108/JES-08-2015-0149},
    issn = {01443585},
    keywords = {Experimental macroeconomics, Laboratory experiment, Monetary policy}
}

@article{Marimon1995DoesEvidence,
    title = {{Does a constant money growth rule help stabilize inflation?: experimental evidence*}},
    year = {1995},
    journal = {Conference Series on Public Policy},
    author = {Marimon, Ramon and Pompeu Fabra, Universitat and Sunder, Shyam and Bryant, John and Grandmont, Jean-Michel and Ihara, qbyomi and MeCleery, Robert and Saijo, Tatsuyoshi and Shimomura, Kazuo},
    pages = {111--156},
    volume = {43},
    issn = {0167-2231}
}

@article{Yamamori2018DoesMaking,
    title = {{Does money illusion matter in intertemporal decision making?}},
    year = {2018},
    journal = {Journal of Economic Behavior and Organization},
    author = {Yamamori, Tetsuo and Iwata, Kazuyuki and Ogawa, Akira},
    month = {1},
    pages = {465--473},
    volume = {145},
    publisher = {Elsevier B.V.},
    doi = {10.1016/j.jebo.2017.11.019},
    issn = {01672681},
    keywords = {Economic experiment, Intertemporal decision making, Money illusion, Price fluctuations}
}

@article{Fehr2001DoesMatter,
    title = {{Does Money Illusion Matter?}},
    year = {2001},
    journal = {The American Economic Review},
    author = {Fehr, Ernst and Tyran, Jean-Robert},
    number = {5},
    pages = {1239--1262},
    volume = {91},
    isbn = {201608:30:34}
}

@article{Petersen2014DoesComment,
    title = {{Does money illusion matter?: Comment}},
    year = {2014},
    journal = {American Economic Review},
    author = {Petersen, Luba and Winn, Abel},
    number = {3},
    pages = {1047--1062},
    volume = {104},
    publisher = {American Economic Association},
    doi = {10.1257/aer.104.3.1047},
    issn = {00028282}
}

@article{Fehr2014DoesReply,
    title = {{Does money illusion matter?: Reply}},
    year = {2014},
    journal = {American Economic Review},
    author = {Fehr, Ernst and Tyran, Jean Robert},
    number = {3},
    pages = {1063--1071},
    volume = {104},
    publisher = {American Economic Association},
    doi = {10.1257/aer.104.3.1063},
    issn = {00028282}
}

@article{Hey2016DoesConvergence,
    title = {{Does money impede convergence?}},
    year = {2016},
    journal = {Experimental Economics},
    author = {Hey, John D. and Di Cagno, Daniela},
    number = {3},
    month = {9},
    pages = {595--612},
    volume = {19},
    publisher = {Springer New York LLC},
    doi = {10.1007/s10683-015-9456-x},
    issn = {13864157},
    keywords = {Clearing house mechanism, Double auction mechanism, Experimental markets, Monetised trading, Money, Non-monetised trading}
}

@article{Craig2000Dual-CurrencySystems,
    title = {{Dual-Currency Economies as Multiple-Payment Systems}},
    year = {2000},
    journal = {Economic Review (Federal Reserve Bank of Cleveland)},
    author = {Craig, BR and Waller, CJ},
    pages = {2--13},
    url = {https://www.clevelandfed.org/research/Review/2000/dualcur5.pdf}
}

@article{Reserve1999EconomicReview,
    title = {{Economic review}},
    year = {1999},
    journal = {Composites Business Analyst},
    author = {Reserve, Federal},
    number = {5},
    pages = {12},
    volume = {2},
    doi = {10.1016/s1464-2840(99)80005-x},
    issn = {14642840}
}

@article{Franses2006EmpiricalInflation,
    title = {{Empirical causality between bigger banknotes and inflation}},
    year = {2006},
    journal = {Applied Economics Letters},
    author = {Franses, Philip Hans},
    number = {12},
    month = {10},
    pages = {751--752},
    volume = {13},
    doi = {10.1080/13504850500424926},
    issn = {13504851}
}

@techreport{Cannon2003Euro-illusion:Experiment,
    title = {{Euro-illusion: A Natural Experiment}},
    year = {2003},
    author = {Cannon, Edmund and Cipriani, Giam Pietro and Cipriani, Pietro},
    keywords = {Euro, church giving, money illusion, natural experiment}
}

@article{Duffy2014ExperimentalModel,
    title = {{Experimental evidence on the essentiality and neutrality of money in a search model}},
    year = {2014},
    journal = {Research in Experimental Economics},
    author = {Duffy, John and Puzzello, Daniela},
    pages = {259--311},
    volume = {17},
    publisher = {Emerald Group Publishing Ltd.},
    doi = {10.1108/S0193-230620140000017008},
    issn = {01932306},
    keywords = {Experimental economics, Gift exchange, Money, Neutrality of money, Search, Social norms}
}

@techreport{CornandExperimentsApplications,
    title = {{Experiments on macroeconomics: methods and applications}},
    author = {Cornand, Camille and Heinemann, Frank},
    url = {https://halshs.archives-ouvertes.fr/halshs-01809937}
}

@article{LevyYeyati2005FinancialReal,
    title = {{Financial De-Dollarization: Is it for Real?}},
    year = {2005},
    journal = {IMF Working Papers},
    author = {Levy Yeyati, Eduardo and Ize, Alain},
    number = {187},
    pages = {1},
    volume = {05},
    doi = {10.5089/9781451862065.001},
    issn = {1018-5941}
}

@incollection{Daniels1988InflationMarkets,
    title = {{Inflation and Expectations in Experimental Markets}},
    year = {1988},
    author = {Daniels, Brian P. and Plott, Charles R.},
    pages = {198--218},
    doi = {10.1007/978-3-642-48356-1{\_}15}
}

@article{Ackert2011IsPrices,
    title = {{Is there a link between money illusion and homeowners' expectations of housing prices?}},
    year = {2011},
    journal = {Real Estate Economics},
    author = {Ackert, Lucy F. and Church, Bryan K. and Jayaraman, Narayanan},
    number = {2},
    month = {6},
    pages = {251--275},
    volume = {39},
    doi = {10.1111/j.1540-6229.2010.00295.x},
    issn = {10808620}
}

@article{Fehr2008LimitedInertia,
    title = {{Limited rationality and strategic interaction: The impact of the strategic environment on nominal Inertia}},
    year = {2008},
    journal = {Econometrica},
    author = {Fehr, Ernst and Tyran, Jean Robert},
    number = {2},
    pages = {353--394},
    volume = {76},
    publisher = {Blackwell Publishing Ltd},
    doi = {10.1111/j.1468-0262.2008.00836.x},
    issn = {14680262},
    keywords = {Anchoring, Bounded rationality, Money illusion, Nominal rigidity, Sticky prices, Strategic complements, Strategic substitutes}
}

@techreport{Heinemann2015MacroeconomicExperiments,
    title = {{Macroeconomic Experiments}},
    year = {2015},
    author = {Heinemann, Frank and Noussair, Charles N}
}

@techreport{DuffyMacroeconomics:,
    title = {{Macroeconomics: A Survey of Laboratory Research *}},
    author = {Duffy, John and Bosch-Dom{\`{e}}nech, Antoni and Camera, Gabriele and Heinemann, Frank and Kagel, John and Nagel, Rosemarie and Noussair, Charles and Ortmann, Andreas and Puzzello, Daniela and Roth, Alvin and Tyran, Jean-Robert and Wright, Randall}
}

@article{Shafir1997MoneyIllusion,
    title = {{Money Illusion}},
    year = {1997},
    journal = {Quarterly Journal of Economics},
    author = {Shafir, Eldar and Diamond, Peter and {Tversk}},
    url = {http://qje.oxfordjournals.org/}
}

@article{Fehr2007MoneyFailure,
    title = {{Money illusion and coordination failure}},
    year = {2007},
    journal = {Games and Economic Behavior},
    author = {Fehr, Ernst and Tyran, Jean Robert},
    number = {2},
    month = {2},
    pages = {246--268},
    volume = {58},
    doi = {10.1016/j.geb.2006.04.005},
    issn = {08998256},
    keywords = {Coordination failure, Coordination games, Equilibrium selection, Money illusion, Multiple equilibria}
}

@article{Noussair2012MoneyMarkets,
    title = {{Money illusion and nominal inertia in experimental asset markets}},
    year = {2012},
    journal = {Journal of Behavioral Finance},
    author = {Noussair, Charles N. and Richter, Gregers and Tyran, Jean Robert},
    number = {1},
    pages = {27--37},
    volume = {13},
    doi = {10.1080/15427560.2012.654546},
    issn = {15427560},
    keywords = {Asset market bubble, Laboratory experiment, Money illusion, Nominal inertia, Nominal loss aversion}
}

@article{Prabawani2018MONEYBEHAVIOR,
    title = {{MONEY ILLUSIONS: POST-REDENOMINATION SHOPPING BEHAVIOR}},
    year = {2018},
    journal = {RECENT ISSUES IN SOCIOLOGICAL RESEARCH Economics {\&} Sociology},
    author = {Prabawani, Bulan},
    number = {3},
    volume = {11},
    doi = {10.14254/2071},
    keywords = {Cramer's V-test, Indonesia, money illusion, redenomination, spending behavior, survey}
}

@techreport{RobertRecentMacroeconomics,
    title = {{Recent Developments in Experimental Macroeconomics}},
    author = {{Robert}},
    keywords = {Inflation and prices, Monetary policy framework}
}

@article{Rietz2017SecondaryModel,
    title = {{Secondary Currency Acceptance: Experimental Evidence with a Dual Currency Search Model}},
    year = {2017},
    journal = {SSRN Electronic Journal},
    author = {Rietz, Justin},
    pages = {1--49},
    doi = {10.2139/ssrn.2983562},
    keywords = {c92, currency competition, d83, dual currencies, e41, jel classification codes, macroeconomic experiments}
}

@article{Colacelli2009SecondaryAnalysis,
    title = {{Secondary currency: An empirical analysis}},
    year = {2009},
    journal = {Journal of Monetary Economics},
    author = {Colacelli, Mariana and Blackburn, David J.H.},
    number = {3},
    pages = {295--308},
    volume = {56},
    doi = {10.1016/j.jmoneco.2009.02.002},
    issn = {03043932},
    keywords = {Argentina, Exchange clubs, Monetary theory, Propensity score, Secondary currency}
}

@article{Chen2009StockOption,
    title = {{Stock market mispricing: Money illusion or resale option?}},
    year = {2009},
    journal = {Journal of Financial and Quantitative Analysis},
    author = {Chen, Carl R. and Lung, Peter P. and Wang, F. Albert},
    number = {5},
    month = {10},
    pages = {1125--1147},
    volume = {44},
    doi = {10.1017/S0022109009990238},
    issn = {00221090}
}

@article{Egbuna2012TheInvestigation,
    title = {{The Introduction of Higher Banknotes and the Price Level in Nigeria: An Empirical Investigation}},
    year = {2012},
    journal = {International Journal of Economics and Finance},
    author = {Egbuna, Ngozi E. and Obikili, Nonso},
    number = {1},
    month = {12},
    volume = {5},
    publisher = {Canadian Center of Science and Education},
    doi = {10.5539/ijef.v5n1p105},
    issn = {1916-971X}
}

@techreport{Weber2009TheIllusion,
    title = {{The medial prefrontal cortex exhibits money illusion}},
    year = {2009},
    author = {Weber, Bernd and Rangel, Antonio and Wibral, Matthias and Falk, Armin},
    url = {www.pnas.org/cgi/content/full/}
}

@misc{Matsuyama1993TowardCurrency,
    title = {{Toward a Theory of International Currency}},
    year = {1993},
    booktitle = {The Review of Economic Studies},
    author = {Matsuyama, Kiminori and Kiyotaki, Nobuhiro and Matsui, Akihiko},
    number = {2},
    pages = {283},
    volume = {60},
    doi = {10.2307/2298058},
    issn = {00346527}
}

@article{Deck2006WhyEconomy,
    title = {{Why stable fiat money hyperinflates: Results from an experimental economy}},
    year = {2006},
    journal = {Journal of Economic Behavior and Organization},
    author = {Deck, Cary A. and McCabe, Kevin A. and Porter, David P.},
    number = {3},
    month = {11},
    pages = {471--486},
    volume = {61},
    doi = {10.1016/j.jebo.2003.11.015},
    issn = {01672681},
    keywords = {Experimental economics, Fiat money, Hyperinflation}
}